%YAML 1.1
%TAG !u! tag:unity3d.com,2011:
--- !u!241 &24100000
AudioMixerController:
  m_ObjectHideFlags: 0
  m_CorrespondingSourceObject: {fileID: 0}
  m_PrefabInstance: {fileID: 0}
  m_PrefabAsset: {fileID: 0}
  m_Name: MainMixer
  m_OutputGroup: {fileID: 0}
  m_MasterGroup: {fileID: 24300002}
  m_Snapshots:
  - {fileID: 24500006}
  m_StartSnapshot: {fileID: 24500006}
  m_SuspendThreshold: -80
  m_EnableSuspend: 1
  m_UpdateMode: 0
  m_ExposedParameters:
  - guid: 2719a2a6b2f784e4693fbb015ef9e826
    name: MasterSFXVolume
  - guid: 7550cb1c19ed25b4f889a595e875286f
    name: MusicVolume
  m_AudioMixerGroupViews:
  - guids:
    - 32a0e13e33981bf4caf93d78200d175a
    - 7f141a1f4a685374aa334c94e44fc133
    - f14dfab663777904aad674e722575b85
    - 4f01b8436bb49e4489f4fc623e92cf26
    - 4185e37a03025d44ebea84f2aad8b0a0
    name: View
  m_CurrentViewIndex: 0
  m_TargetSnapshot: {fileID: 24500006}
--- !u!243 &24300002
AudioMixerGroupController:
  m_ObjectHideFlags: 0
  m_CorrespondingSourceObject: {fileID: 0}
  m_PrefabInstance: {fileID: 0}
  m_PrefabAsset: {fileID: 0}
  m_Name: Master
  m_AudioMixer: {fileID: 24100000}
  m_GroupID: 32a0e13e33981bf4caf93d78200d175a
  m_Children:
  - {fileID: 243575877695418250}
  - {fileID: 243768774743472226}
  m_Volume: 7657ea7a226f52e49b366c5a15f38065
  m_Pitch: eb3ff2a90e1217742983aaeeb1bedca7
  m_Effects:
  - {fileID: 24400004}
  m_UserColorIndex: 0
  m_Mute: 0
  m_Solo: 0
  m_BypassEffects: 0
--- !u!244 &24400004
AudioMixerEffectController:
  m_ObjectHideFlags: 3
  m_CorrespondingSourceObject: {fileID: 0}
  m_PrefabInstance: {fileID: 0}
  m_PrefabAsset: {fileID: 0}
  m_Name: 
  m_EffectID: a2383056f4c52bc48812ae6cfec94ed8
  m_EffectName: Attenuation
  m_MixLevel: 36237585ba6501348b66a847a4333e55
  m_Parameters: []
  m_SendTarget: {fileID: 0}
  m_EnableWetMix: 0
  m_Bypass: 0
--- !u!245 &24500006
AudioMixerSnapshotController:
  m_ObjectHideFlags: 0
  m_CorrespondingSourceObject: {fileID: 0}
  m_PrefabInstance: {fileID: 0}
  m_PrefabAsset: {fileID: 0}
  m_Name: Snapshot
  m_AudioMixer: {fileID: 24100000}
  m_SnapshotID: db44f4e85523d1d42b1ea91ffde93393
  m_FloatValues:
    af7afa64da4d0e341baf8bbc0ab796dc: 0.10800299
    ff619fe4d23ca87419cd7ef5d0835dc0: 20
    2719a2a6b2f784e4693fbb015ef9e826: -8.362404
    7657ea7a226f52e49b366c5a15f38065: 20
    7550cb1c19ed25b4f889a595e875286f: -3.5090396
  m_TransitionOverrides: {}
--- !u!243 &243554361313922436
AudioMixerGroupController:
  m_ObjectHideFlags: 0
  m_CorrespondingSourceObject: {fileID: 0}
  m_PrefabInstance: {fileID: 0}
  m_PrefabAsset: {fileID: 0}
  m_Name: SFX
  m_AudioMixer: {fileID: 24100000}
  m_GroupID: 4f01b8436bb49e4489f4fc623e92cf26
  m_Children: []
  m_Volume: ff619fe4d23ca87419cd7ef5d0835dc0
  m_Pitch: 5b60174ca8fbf6045848e62708243c45
  m_Effects:
  - {fileID: 244753296048942418}
  m_UserColorIndex: 0
  m_Mute: 0
  m_Solo: 0
  m_BypassEffects: 0
--- !u!243 &243574830116308390
AudioMixerGroupController:
  m_ObjectHideFlags: 0
  m_CorrespondingSourceObject: {fileID: 0}
  m_PrefabInstance: {fileID: 0}
  m_PrefabAsset: {fileID: 0}
  m_Name: UI
  m_AudioMixer: {fileID: 24100000}
  m_GroupID: 4185e37a03025d44ebea84f2aad8b0a0
  m_Children: []
  m_Volume: af7afa64da4d0e341baf8bbc0ab796dc
  m_Pitch: 874ca010190d9014cb82c2a37c87e103
  m_Effects:
  - {fileID: 244243252844949520}
  m_UserColorIndex: 0
  m_Mute: 0
  m_Solo: 0
  m_BypassEffects: 0
--- !u!243 &243575877695418250
AudioMixerGroupController:
  m_ObjectHideFlags: 0
  m_CorrespondingSourceObject: {fileID: 0}
  m_PrefabInstance: {fileID: 0}
  m_PrefabAsset: {fileID: 0}
  m_Name: Music
  m_AudioMixer: {fileID: 24100000}
  m_GroupID: 7f141a1f4a685374aa334c94e44fc133
  m_Children: []
  m_Volume: 7550cb1c19ed25b4f889a595e875286f
  m_Pitch: 0bbe501bb885f2742a03ff25a5810e19
  m_Effects:
  - {fileID: 244296519334559484}
  m_UserColorIndex: 0
  m_Mute: 0
  m_Solo: 0
  m_BypassEffects: 0
--- !u!243 &243768774743472226
AudioMixerGroupController:
  m_ObjectHideFlags: 0
  m_CorrespondingSourceObject: {fileID: 0}
  m_PrefabInstance: {fileID: 0}
  m_PrefabAsset: {fileID: 0}
  m_Name: MasterSFX
  m_AudioMixer: {fileID: 24100000}
  m_GroupID: f14dfab663777904aad674e722575b85
  m_Children:
  - {fileID: 243574830116308390}
  - {fileID: 243554361313922436}
  m_Volume: 2719a2a6b2f784e4693fbb015ef9e826
  m_Pitch: f57b7bdc7a8ece44a8d3d53b482b1e8a
  m_Effects:
  - {fileID: 244135836932251864}
  m_UserColorIndex: 0
  m_Mute: 0
  m_Solo: 0
  m_BypassEffects: 0
--- !u!244 &244135836932251864
AudioMixerEffectController:
  m_ObjectHideFlags: 3
  m_CorrespondingSourceObject: {fileID: 0}
  m_PrefabInstance: {fileID: 0}
  m_PrefabAsset: {fileID: 0}
  m_Name: 
  m_EffectID: 423767a3b0a482b4bb90f5fcc7105510
  m_EffectName: Attenuation
  m_MixLevel: ecb97c8ff57daed4b84ff1d6577f468b
  m_Parameters: []
  m_SendTarget: {fileID: 0}
  m_EnableWetMix: 0
  m_Bypass: 0
--- !u!244 &244243252844949520
AudioMixerEffectController:
  m_ObjectHideFlags: 3
  m_CorrespondingSourceObject: {fileID: 0}
  m_PrefabInstance: {fileID: 0}
  m_PrefabAsset: {fileID: 0}
  m_Name: 
  m_EffectID: 7badb93b3dc324c4e9cbb7cb60ed29bd
  m_EffectName: Attenuation
  m_MixLevel: 4ca5be7bc7529b447a56eed464c0689b
  m_Parameters: []
  m_SendTarget: {fileID: 0}
  m_EnableWetMix: 0
  m_Bypass: 0
--- !u!244 &244296519334559484
AudioMixerEffectController:
  m_ObjectHideFlags: 3
  m_CorrespondingSourceObject: {fileID: 0}
  m_PrefabInstance: {fileID: 0}
  m_PrefabAsset: {fileID: 0}
  m_Name: 
  m_EffectID: bf37024662a3e9e4bb7b5e5cf15542dc
  m_EffectName: Attenuation
  m_MixLevel: 66d38caaf97ae734cb85a70fd260dfe2
  m_Parameters: []
  m_SendTarget: {fileID: 0}
  m_EnableWetMix: 0
  m_Bypass: 0
--- !u!244 &244753296048942418
AudioMixerEffectController:
  m_ObjectHideFlags: 3
  m_CorrespondingSourceObject: {fileID: 0}
  m_PrefabInstance: {fileID: 0}
  m_PrefabAsset: {fileID: 0}
  m_Name: 
  m_EffectID: 2c0f787664b636c4fa9add435c8ff4c0
  m_EffectName: Attenuation
  m_MixLevel: ac5c824e8e634684583736067ebbfb39
  m_Parameters: []
  m_SendTarget: {fileID: 0}
  m_EnableWetMix: 0
  m_Bypass: 0
